@online{95EstructuraJerarquica,
  title = {9.5. {{Estructura}} Jerárquica de Internet},
  url = {https://chverma.com/smr-ral/UD09_es/95_estructura_jerrquica_de_internet.html?utm_source=chatgpt.com},
  urldate = {2025-01-22},
  file = {C:\Users\Mikec\Zotero\storage\3DM9JJTW\95_estructura_jerrquica_de_internet.html}
}

@online{Acerca,
  title = {Acerca de},
  url = {https://lactld.org/acerca/},
  urldate = {2025-01-22},
  abstract = {Nosotros Latin American and Caribbean Top Level Domains (LACTLD) es una organización sin fines de lucro que agrupa y representa los intereses de los administradores…},
  langid = {spanish},
  organization = {LACTLD}
}

@online{FAQsICANN,
  title = {{{FAQs}} - {{ICANN}}},
  url = {https://www.icann.org/resources/pages/faqs-2014-01-21-en},
  urldate = {2025-01-22}
}

@online{ICANNBeginners,
  title = {{{ICANN}} for {{Beginners}}},
  url = {https://www.icann.org/en/beginners},
  urldate = {2025-01-22}
}

@online{Inicio,
  title = {inicio},
  url = {https://lactld.org/},
  urldate = {2025-01-22},
  abstract = {Asociación sin fines de lucro creada el 20 de agosto de 1998 en Buenos Aires, Argentina, dentro del marco de reuniones de la IFWP.},
  langid = {spanish},
  organization = {LACTLD}
}

@online{InternetArchitectureBoard,
  title = {Internet {{Architecture Board}}},
  url = {https://www.iab.org/},
  urldate = {2025-01-22},
  langid = {english},
  organization = {Internet Architecture Board},
  file = {C:\Users\Mikec\Zotero\storage\ML2TFU43\www.iab.org.html}
}

@online{InternetAssignedNumbers,
  title = {Internet {{Assigned Numbers Authority}}},
  url = {https://www.iana.org/},
  urldate = {2025-01-22},
  file = {C:\Users\Mikec\Zotero\storage\QXAR7KWJ\www.iana.org.html}
}

@online{InternetTechnologiesIPv62019,
  title = {Internet {{Technologies}} - {{IPv6}}, {{DNSSEC}}, {{TLS}}, and More},
  date = {2019-03-15},
  url = {https://www.internetsociety.org/deploy360/},
  urldate = {2025-01-22},
  abstract = {Access easy-to-understand resources on Internet technologies like IPv6, TLS, DNSSEC, HTTP/3, DNS Privacy, Anti-Spoofing, Securing BGP, and more.},
  langid = {american},
  organization = {Internet Society}
}

@online{InterNICInternetsNetwork,
  title = {{{InterNIC}} | {{The Internet}}'s {{Network Information Center}}},
  url = {https://www.internic.net/},
  urldate = {2025-01-22},
  file = {C:\Users\Mikec\Zotero\storage\49ZJTQVW\www.internic.net.html}
}

@online{IntroductionIETF,
  title = {Introduction to the {{IETF}}},
  url = {https://www.ietf.org/about/introduction/},
  urldate = {2025-01-22},
  abstract = {The Internet Engineering Task Force (IETF), founded in 1986, is the premier standards development organization (SDO) for the Internet.},
  langid = {english},
  organization = {IETF},
  file = {C:\Users\Mikec\Zotero\storage\IXM9WWTH\introduction.html}
}

@online{LACNICRegistroDirecciones,
  title = {LACNIC - Registro de Direcciones IP en LAC},
  url = {https://www.lacnic.net/},
  urldate = {2025-01-22},
  abstract = {Registro de Direcciones de Internet de América Latina y Caribe; administra recursos de numeración de Internet (IPv4 IPv6) números autónomos, resolución inversa},
  langid = {spanish}
}

@online{LACNICTools,
  title = {{{LACNIC Tools}}},
  url = {https://tools.labs.lacnic.net/tools/home},
  urldate = {2025-01-22}
}

@inreference{ProtocoloComunicaciones2024,
  title = {Protocolo de comunicaciones},
  booktitle = {Wikipedia, la enciclopedia libre},
  date = {2024-07-10T21:02:27Z},
  url = {https://es.wikipedia.org/w/index.php?title=Protocolo_de_comunicaciones&oldid=161234300},
  urldate = {2025-01-22},
  abstract = {En informática y telecomunicación, un protocolo de comunicaciones es un sistema de reglas que permiten que dos o más entidades (computadoras, teléfonos celulares, etc.) de un sistema de comunicación se comuniquen entre ellas para transmitir información por medio de cualquier tipo de variación de una magnitud física. Se trata de las reglas y estándares que definen la sintaxis, semántica y sincronización de la comunicación, así como también los posibles métodos de recuperación de errores. Estos protocolos pueden ser implementados por hardware, por software, o por una combinación de ambos.[1]\hspace{0pt} También se define como un conjunto de normas que permite la comunicación entre ordenadores, estableciendo la forma de identificación de estos en la red, la forma de transmisión de los datos (paquetes) y la forma en que la información debe procesarse.  Los sistemas de comunicación utilizan formatos bien definidos (protocolos) para intercambiar mensajes. Cada mensaje tiene un significado exacto destinado a obtener una respuesta de un rango de posibles respuestas predeterminadas para esa situación en particular. Los protocolos de comunicación tienen que estar acordados por las partes involucradas. Para llegar a dicho acuerdo, un protocolo puede ser desarrollado dentro de estándares técnicos y regirse por estándares internacionales, como lo son las normas ISO.  Existe una estrecha analogía entre los protocolos de comunicación y los lenguajes de programación: «los protocolos son a las comunicaciones, lo que los lenguajes de programación son a los cómputos».[2]\hspace{0pt}Un protocolo de comunicación, también llamado en este caso protocolo de red, define la forma en la que los distintos mensajes o tramas de bit circulan en una red de computadoras. Un ejemplo más llano es el siguiente, el protocolo sobre palomas mensajeras permite definir la forma en la que una paloma mensajera transmite información de una ubicación a otra, definiendo todos los aspectos que intervienen en la comunicación: tipo de paloma, cifrado del mensaje, forma de respuesta, tiempo de espera antes de dar a la paloma por 'perdida'... y cualquier regla que ordene y mejore la comunicación.},
  langid = {spanish},
  annotation = {Page Version ID: 161234300}
}

@online{RFCs,
  title = {About {{RFCs}}},
  url = {https://www.ietf.org/process/rfcs/},
  urldate = {2025-01-22},
  abstract = {RFC documents contain technical specifications and organizational notes for the Internet and are the core output of the IETF.},
  langid = {english},
  organization = {IETF}
}

@online{Technologies,
  title = {Technologies},
  url = {https://www.ietf.org/technologies/},
  urldate = {2025-01-22},
  abstract = {The IETF works on a broad range of networking technologies that provide the foundation for the Internet's growth and evolution.},
  langid = {english},
  organization = {IETF},
  file = {C:\Users\Mikec\Zotero\storage\YXWAMLH5\technologies.html}
}

@online{Transparency,
  title = {Transparency},
  url = {https://www.internetsociety.org/transparency/},
  urldate = {2025-01-22},
  abstract = {For transparency into how Internet Society operates, find governance, corporate, and community information, policies, and procedures.},
  langid = {american},
  organization = {Internet Society}
}

@online{Us,
  title = {About Us},
  url = {https://www.iana.org/about},
  urldate = {2025-01-22},
  file = {C:\Users\Mikec\Zotero\storage\9MUPK8FJ\about.html}
}
