
@online{95EstructuraJerarquica,
	title = {9.5. Estructura jerárquica de internet},
	url = {https://chverma.com/smr-ral/UD09_es/95_estructura_jerrquica_de_internet.html?utm_source=chatgpt.com},
	urldate = {2025-01-22},
	file = {9.5. Estructura jerárquica de internet:files/655/95_estructura_jerrquica_de_internet.html:text/html},
}

@online{LACNICRegistroDirecciones,
	title = {{LACNIC} - Registro de Direcciones {IP} en {LAC}},
	url = {https://www.lacnic.net/},
	abstract = {Registro de Direcciones de Internet de América Latina y Caribe; administra recursos de numeración de Internet ({IPv}4 {IPv}6) números autónomos, resolución inversa},
	urldate = {2025-01-22},
	langid = {spanish},
}

@online{LACNICTools,
	title = {{LACNIC} Tools},
	url = {https://tools.labs.lacnic.net/tools/home},
	urldate = {2025-01-22},
}

@online{Acerca,
	title = {Acerca de},
	url = {https://lactld.org/acerca/},
	abstract = {Nosotros Latin American and Caribbean Top Level Domains ({LACTLD}) es una organización sin fines de lucro que agrupa y representa los intereses de los administradores…},
	titleaddon = {{LACTLD}},
	urldate = {2025-01-22},
	langid = {spanish},
}

@online{Inicio,
	title = {inicio},
	url = {https://lactld.org/},
	abstract = {Asociación sin fines de lucro creada el 20 de agosto de 1998 en Buenos Aires, Argentina, dentro del marco de reuniones de la {IFWP}.},
	titleaddon = {{LACTLD}},
	urldate = {2025-01-22},
	langid = {spanish},
}

@online{InterNICInternetsNetwork,
	title = {{InterNIC} {\textbar} The Internet's Network Information Center},
	url = {https://www.internic.net/},
	urldate = {2025-01-22},
	file = {InterNIC | The Internet's Network Information Center:files/661/www.internic.net.html:text/html},
}

@online{FAQsICANN,
	title = {{FAQs} - {ICANN}},
	url = {https://www.icann.org/resources/pages/faqs-2014-01-21-en},
	urldate = {2025-01-22},
}

@online{Us,
	title = {About us},
	url = {https://www.iana.org/about},
	urldate = {2025-01-22},
	file = {About us:files/664/about.html:text/html},
}

@online{InternetAssignedNumbers,
	title = {Internet Assigned Numbers Authority},
	url = {https://www.iana.org/},
	urldate = {2025-01-22},
	file = {Internet Assigned Numbers Authority:files/666/www.iana.org.html:text/html},
}

@online{InternetTechnologiesIPv62019,
	title = {Internet Technologies - {IPv}6, {DNSSEC}, {TLS}, and more},
	url = {https://www.internetsociety.org/deploy360/},
	abstract = {Access easy-to-understand resources on Internet technologies like {IPv}6, {TLS}, {DNSSEC}, {HTTP}/3, {DNS} Privacy, Anti-Spoofing, Securing {BGP}, and more.},
	titleaddon = {Internet Society},
	urldate = {2025-01-22},
	date = {2019-03-15},
	langid = {american},
}

@online{Transparency,
	title = {Transparency},
	url = {https://www.internetsociety.org/transparency/},
	abstract = {For transparency into how Internet Society operates, find governance, corporate, and community information, policies, and procedures.},
	titleaddon = {Internet Society},
	urldate = {2025-01-22},
	langid = {american},
}

@online{InternetArchitectureBoard,
	title = {Internet Architecture Board},
	url = {https://www.iab.org/},
	titleaddon = {Internet Architecture Board},
	urldate = {2025-01-22},
	langid = {english},
	file = {Snapshot:files/670/www.iab.org.html:text/html},
}

@online{IntroductionIETF,
	title = {Introduction to the {IETF}},
	url = {https://www.ietf.org/about/introduction/},
	abstract = {The Internet Engineering Task Force ({IETF}), founded in 1986, is the premier standards development organization ({SDO}) for the Internet.},
	titleaddon = {{IETF}},
	urldate = {2025-01-22},
	langid = {english},
	file = {Snapshot:files/672/introduction.html:text/html},
}

@online{Technologies,
	title = {Technologies},
	url = {https://www.ietf.org/technologies/},
	abstract = {The {IETF} works on a broad range of networking technologies that provide the foundation for the Internet's growth and evolution.},
	titleaddon = {{IETF}},
	urldate = {2025-01-22},
	langid = {english},
	file = {Snapshot:files/674/technologies.html:text/html},
}

@online{ICANNBeginners,
	title = {{ICANN} for Beginners},
	url = {https://www.icann.org/en/beginners},
	urldate = {2025-01-22},
}

@inreference{ProtocoloComunicaciones2024,
	title = {Protocolo de comunicaciones},
	rights = {Creative Commons Attribution-{ShareAlike} License},
	url = {https://es.wikipedia.org/w/index.php?title=Protocolo_de_comunicaciones&oldid=161234300},
	abstract = {En informática y telecomunicación, un protocolo de comunicaciones es un sistema de reglas que permiten que dos o más entidades (computadoras, teléfonos celulares, etc.) de un sistema de comunicación se comuniquen entre ellas para transmitir información por medio de cualquier tipo de variación de una magnitud física. Se trata de las reglas y estándares que definen la sintaxis, semántica y sincronización de la comunicación, así como también los posibles métodos de recuperación de errores. Estos protocolos pueden ser implementados por hardware, por software, o por una combinación de ambos.[1]​
También se define como un conjunto de normas que permite la comunicación entre ordenadores, estableciendo la forma de identificación de estos en la red, la forma de transmisión de los datos (paquetes) y la forma en que la información debe procesarse. 
Los sistemas de comunicación utilizan formatos bien definidos (protocolos) para intercambiar mensajes. Cada mensaje tiene un significado exacto destinado a obtener una respuesta de un rango de posibles respuestas predeterminadas para esa situación en particular.
Los protocolos de comunicación tienen que estar acordados por las partes involucradas. Para llegar a dicho acuerdo, un protocolo puede ser desarrollado dentro de estándares técnicos y regirse por estándares internacionales, como lo son las normas {ISO}. 
Existe una estrecha analogía entre los protocolos de comunicación y los lenguajes de programación: «los protocolos son a las comunicaciones, lo que los lenguajes de programación son a los cómputos».[2]​Un protocolo de comunicación, también llamado en este caso protocolo de red, define la forma en la que los distintos mensajes o tramas de bit circulan en una red de computadoras.
Un ejemplo más llano es el siguiente, el protocolo sobre palomas mensajeras permite definir la forma en la que una paloma mensajera transmite información de una ubicación a otra, definiendo todos los aspectos que intervienen en la comunicación: tipo de paloma, cifrado del mensaje, forma de respuesta, tiempo de espera antes de dar a la paloma por 'perdida'... y cualquier regla que ordene y mejore la comunicación.},
	booktitle = {Wikipedia, la enciclopedia libre},
	urldate = {2025-01-22},
	date = {2024-07-10},
	langid = {spanish},
	note = {Page Version {ID}: 161234300},
}

@online{RFCs,
	title = {About {RFCs}},
	url = {https://www.ietf.org/process/rfcs/},
	abstract = {{RFC} documents contain technical specifications and organizational notes for the Internet and are the core output of the {IETF}.},
	titleaddon = {{IETF}},
	urldate = {2025-01-22},
	langid = {english},
}
